<?xml version="1.0" encoding="UTF-8"?><collection xmlns="http://www.loc.gov/MARC21/slim"><record><leader>00481nam--2200157-i-4500</leader><controlfield tag="001">000042498</controlfield><controlfield tag="002">20161230</controlfield><controlfield tag="005">20170121204523</controlfield><controlfield tag="008">060222s1000------------r-----000-0-eng-d</controlfield><datafield ind1=" " ind2=" " tag="080"><subfield code="a">541.64:015</subfield></datafield><datafield ind1=" " ind2=" " tag="100"><subfield code="a">Spitz, Roger</subfield></datafield><datafield ind1=" " ind2=" " tag="245"><subfield code="a">Etude de la nature des centres actifs dans les catalyseurs de polymerisation de olefines a base d`oxyde de chrome suppporte</subfield><subfield code="b">these</subfield></datafield><datafield ind1=" " ind2=" " tag="260"><subfield code="a">Lyon</subfield><subfield code="b">Univ.Claude Bernard</subfield><subfield code="c">1971</subfield></datafield><datafield ind1=" " ind2=" " tag="300"><subfield code="a">10 p</subfield></datafield><datafield ind1=" " ind2=" " tag="852"><subfield code="a">38042</subfield></datafield><datafield ind1=" " ind2=" " tag="CAT"><subfield code="a">SYS</subfield><subfield code="c">20170121</subfield><subfield code="h">204523</subfield></datafield></record></collection>